<record><leader>00000cas a22000007a 4500</leader><controlfield tag="001">21427231</controlfield><controlfield tag="008">900425d18811939couwr ne      0    0eng d</controlfield><datafield ind1=" " ind2=" " tag="010"><subfield code="a">sn 90051267 </subfield></datafield><datafield ind1=" " ind2=" " tag="040"><subfield code="a">CNQ</subfield><subfield code="b">eng</subfield><subfield code="c">CNQ</subfield><subfield code="d">OBN</subfield><subfield code="d">OCL</subfield><subfield code="d">OCLCQ</subfield><subfield code="d">OCLCF</subfield><subfield code="d">OCLCO</subfield></datafield><datafield ind1="1" ind2=" " tag="029"><subfield code="a">AU@</subfield><subfield code="b">000025850850</subfield></datafield><datafield ind1=" " ind2=" " tag="042"><subfield code="a">msc</subfield></datafield><datafield ind1=" " ind2=" " tag="043"><subfield code="a">n-us-co</subfield></datafield><datafield ind1="0" ind2="0" tag="245"><subfield code="a">La Junta tribune.</subfield></datafield><datafield ind1="3" ind2="0" tag="246"><subfield code="a">Semi-weekly tribune</subfield></datafield><datafield ind1=" " ind2=" " tag="260"><subfield code="a">La Junta, Bent County, Colo. :</subfield><subfield code="b">N.H. Bowman</subfield></datafield><datafield ind1=" " ind2=" " tag="300"><subfield code="a">v.</subfield></datafield><datafield ind1=" " ind2=" " tag="310"><subfield code="a">Weekly,</subfield><subfield code="b">Sept. 8, 1906-&lt;1909&gt;</subfield></datafield><datafield ind1=" " ind2=" " tag="321"><subfield code="a">Weekly,</subfield><subfield code="b">&lt;1884&gt;-Feb. 1895</subfield></datafield><datafield ind1=" " ind2=" " tag="321"><subfield code="a">Semiweekly,</subfield><subfield code="b">Feb. 8, 1895-Sept. 1, 1906</subfield></datafield><datafield ind1="1" ind2=" " tag="362"><subfield code="a">Began in 1881? Ceased in 1939?</subfield></datafield><datafield ind1=" " ind2=" " tag="500"><subfield code="a">Published as: Semi-weekly tribune, July 3, 1895-Apr. 18, 1896.</subfield></datafield><datafield ind1=" " ind2=" " tag="530"><subfield code="a">Available on microfilm from the Colorado Historical Society.</subfield></datafield><datafield ind1=" " ind2=" " tag="588"><subfield code="a">Description based on: Vol. 3, no. 17 (Feb. 2, 1884).</subfield></datafield><datafield ind1=" " ind2="0" tag="651"><subfield code="a">La Junta (Colo.)</subfield><subfield code="v">Newspapers.</subfield></datafield><datafield ind1=" " ind2="0" tag="651"><subfield code="a">Otero County (Colo.)</subfield><subfield code="v">Newspapers.</subfield></datafield><datafield ind1=" " ind2="7" tag="655"><subfield code="a">Newspapers.</subfield><subfield code="2">fast</subfield><subfield code="0">(OCoLC)fst01423814</subfield></datafield><datafield ind1=" " ind2="7" tag="651"><subfield code="a">Colorado</subfield><subfield code="z">La Junta.</subfield><subfield code="2">fast</subfield><subfield code="0">(OCoLC)fst01224354</subfield></datafield><datafield ind1=" " ind2="7" tag="651"><subfield code="a">Colorado</subfield><subfield code="z">Otero County.</subfield><subfield code="2">fast</subfield><subfield code="0">(OCoLC)fst01223313</subfield></datafield><datafield ind1=" " ind2=" " tag="752"><subfield code="a">United States</subfield><subfield code="b">Colorado</subfield><subfield code="c">Otero</subfield><subfield code="d">La Junta.</subfield></datafield><datafield ind1=" " ind2=" " tag="752"><subfield code="a">United States</subfield><subfield code="b">Colorado</subfield><subfield code="c">Bent</subfield><subfield code="d">La Junta.</subfield></datafield><datafield ind1="0" ind2="7" tag="785"><subfield code="t">Junta news</subfield></datafield><datafield ind1="0" ind2="7" tag="785"><subfield code="t">Junta daily tribune</subfield><subfield code="w">(DLC)sn 90051915</subfield></datafield></record>